3292 5150
785 403 819 456 II-
1117 443 1120 450 ·
1334 403 1375 469 75

231 564 394 630 deditione
430 585 541 628 omnes
573 564 639 629 iam
669 564 775 649 palam
807 564 1022 650 loquebantur
1053 569 1086 630 et
1117 588 1190 631 cum
1221 567 1257 631 P.
1282 565 1375 632 Attio

232 671 379 757 agebant,
397 694 437 736 ne
461 693 519 735 sua
540 671 717 755 pertinacia
735 672 879 737 omnium
902 672 1049 737 fortunas
1067 674 1250 756 perturbari
1268 673 1375 740 uellet.

196 794 212 841 3
230 778 310 844 haec
328 800 402 843 curn
420 782 600 864 agerentur,
613 778 720 843 nuntii
738 779 948 864 pr<a>emissi
967 779 1007 843 ab
1026 800 1101 865 rege
1115 777 1196 844 Iuba
1209 783 1375 865 uenerunt,

233 886 289 970 qui
311 884 404 949 illum
427 885 536 949 adesse
560 906 632 949 cum
655 885 782 969 magnis
805 885 907 968 copiis
935 885 1076 951 dicerent
1103 890 1136 950 et
1164 885 1202 952 de
1230 886 1375 952 custodia

232 1013 269 1056 ao
292 991 475 1056 defensione
497 991 587 1057 urbis
610 990 824 1056 hortarentur.
871 1013 952 1077 quae
980 1014 1030 1058 res
1054 1014 1164 1058 eorum
1187 995 1375 1078 perterritos
1389 1020 1415 1059 ro

232 1099 356 1163 animos
379 1097 589 1164 confirmauit.

197 1223 211 1270 1
321 1203 378 1272 37.
400 1204 643 1271 Nuntiabantur
675 1204 754 1270 baec
785 1205 895 1270 eadem
924 1203 1069 1290 Curioni,
1101 1207 1157 1272 sed
1189 1207 1374 1292 aliquandiu

230 1313 310 1377 fides
323 1313 395 1377 fieri
408 1334 474 1377 non
487 1316 626 1397 poterat3
650 1316 773 1378 tantam
786 1311 927 1377 habebat
945 1335 1075 1378 suarum
1095 1337 1201 1379 rerum
1214 1315 1374 1380 fiduciam.

195 1438 210 1484 2
230 1419 358 1504 iamque
377 1417 522 1484 Caesaris
544 1419 579 1484 in
597 1417 756 1504 Hispania
778 1441 830 1484 res
853 1418 1008 1484 secundae
1032 1420 1066 1485 in
1084 1419 1228 1486 Africam
1252 1422 1374 1486 nuntiis

229 1548 267 1592 ac
288 1525 406 1591 litteris
424 1525 675 1610 perferebantur.
709 1526 826 1611 quibus
845 1525 995 1590 omnibus
1013 1528 1109 1592 rebus
1128 1528 1274 1593 sublatus
1293 1528 1375 1592 nihil

194 1637 341 1698 scontra
364 1657 397 1698 se
420 1653 529 1718 regem
552 1629 699 1697 nisurum
722 1631 936 1697 existimabat.
970 1632 1026 1698 sed
1044 1633 1099 1699 ubi
1119 1635 1214 1700 certis
1238 1636 1374 1700 auctori·
1402 1659 1414 1699 a

229 1741 291 1806 bus
323 1739 481 1824 comperit
511 1739 618 1804 minus
641 1758 666 1803 v
693 1743 726 1804 et
752 1755 801 1802 xx
828 1736 960 1802 milibus
991 1737 1087 1823 longe
1115 1741 1154 1804 ab
1178 1740 1274 1806 Vtica
1306 1743 1374 1806 eius

230 1846 339 1930 copias
366 1847 490 1930 abesse,
517 1844 639 1909 relictis
666 1844 901 1910 munitionibus
929 1865 998 1908 sese
1026 1844 1059 1909 in
1088 1844 1200 1911 Castra
1228 1845 1375 1912 Cornelia

193 1971 211 2019 4
229 1951 359 2037 recepit.
388 1950 463 2016 Huc
484 1950 682 2015 frumentum
706 1954 915 2035 comportare,
933 1954 1038 2015 castra
1055 1953 1190 2038 munire,
1207 1955 1375 2019 materiam

230 2059 374 2126 conferre
397 2058 504 2142 coepit
527 2057 701 2142 statimque
723 2057 758 2122 in
777 2055 921 2122 Siciliam
945 2057 1043 2142 misit,
1060 2058 1110 2123 uti
1133 2060 1214 2125 duae
1232 2061 1375 2146 legiones

194 2183 210 2233 5
229 2166 436 2251 reliquusque
454 2163 618 2249 equitatus
637 2164 677 2228 ad
695 2187 730 2230 se
749 2163 941 2229 mitteretur.
965 2167 1069 2229 castra
1087 2170 1178 2231 erant
1196 2168 1237 2231 ad
1254 2167 1375 2232 bellum
1391 2195 1416 2233 ιο

229 2272 408 2338 ducendum
432 2270 599 2356 aptissima
620 2273 736 2336 natura
764 2271 769 2354 1
797 2270 861 2335 1οοί
891 2271 895 2354 Ι
925 2273 958 2336 et
986 2272 990 2355 1
1019 2272 1199 2338 munitione
1222 2278 1255 2340 et
1276 2275 1374 2339 maris

228 2380 469 2466 propinquitate
493 2383 526 2444 et
548 2400 648 2463 aquae
672 2382 705 2443 et
734 2376 811 2443 salis
835 2378 941 2463 copia,
969 2379 1060 2444 cuius
1088 2401 1205 2466 magna
1231 2381 1282 2446 uis
1309 2381 1374 2446 iam

72 2497 75 2501 '
194 2504 210 2553 6
230 2510 270 2553 ex
291 2486 449 2572 proximis
468 2489 537 2550 erat
556 2483 667 2549 salinis
686 2506 723 2549 eo
743 2487 903 2572 congesta.
932 2505 997 2550 non
1016 2486 1150 2551 materia
1167 2487 1374 2554 multitudine

229 2595 389 2678 arborum,
408 2615 473 2658 non
494 2593 702 2676 frumentum,
721 2592 812 2657 cuius
835 2596 927 2657 erant
944 2591 1124 2677 plenissimi
1143 2594 1222 2680 agri,
1241 2595 1374 2661 deficere

228 2705 366 2787 poterat.
389 2700 499 2783 itaque
518 2697 661 2763 omnium
680 2720 812 2763 suorum
831 2720 987 2764 consensu
1002 2698 1098 2765 Curio
1112 2701 1252 2787 reliquas
1267 2704 1375 2787 copias
1390 2726 1415 2767 15

228 2811 400 2893 expectare
423 2809 456 2871 et
477 2803 598 2869 bellum
621 2803 736 2870 ducere
758 2804 900 2889 parabat.
1361 2790 1365 2801 ’

194 2931 208 2980 1
320 2912 378 2979 38.
412 2912 474 2977 His
506 2911 692 2976 constitutis
719 2911 815 2976 rebus
842 2912 1050 2997 probatisque
1073 2914 1217 2981 consiliis
1241 2939 1280 2981 ex
1306 2940 1374 3001 per·

230 3021 318 3107 fugis
345 3018 538 3105 quibusdam
565 3016 734 3102 oppidanis
762 3017 852 3081 audit
879 3015 993 3083 Iubam
1022 3015 1208 3085 reuocatum
1235 3023 1374 3087 finitimo

230 3127 315 3192 bello
345 3128 380 3190 et
406 3122 634 3189 controuersiis
660 3121 906 3206 Leptitanorum
933 3122 1090 3190 restitisse
1118 3125 1152 3190 in
1179 3147 1292 3212 regno,
1320 3125 1374 3191 Sa·

230 3235 374 3317 burram,
397 3230 466 3295 eius
493 3228 745 3314 pr<a>efectum‚
768 3249 841 3294 cum
868 3229 1082 3296 mediocribus
1111 3232 1212 3317 copiis
1239 3234 1373 3298 missum

193 3340 344 3406 thicae
375 3336 641 3423 appropinquare.
687 3334 739 3399 his
772 3336 957 3401 auctoribus
988 3341 1108 3403 temere
1140 3340 1271 3405 credens
1303 3362 1374 3406 con·
1401 3366 1414 3407 s

228 3447 337 3513 silium
352 3446 530 3511 commutat
548 3446 581 3507 et
598 3440 722 3527 proelio
736 3463 803 3506 rem
822 3444 1023 3510 committere
1038 3446 1215 3512 constituit.
1234 3446 1374 3512 multum

227 3554 267 3619 ad
297 3554 381 3620 hanc
411 3573 480 3616 rem
511 3549 709 3634 probandam
737 3548 870 3614 adiuuat
897 3549 1125 3636 adulescentia,
1151 3554 1340 3639 magnitudo
1366 3551 1371 3641 l

227 3660 339 3745 animi,
364 3660 369 3745 Ι
394 3656 569 3743 superioris
590 3654 594 3743 l
619 3656 774 3739 temporis
796 3660 987 3742 prouentus,
1009 3657 1127 3723 fiducia
1148 3659 1196 3723 rei
1218 3659 1299 3725 bene
1321 3681 1373 3746 ge·

192 3765 351 3831 srendae.
396 3764 449 3828 bis
476 3764 572 3829 rebus
599 3761 748 3846 inpulsus
775 3763 956 3847 equitatum
988 3785 1115 3829 omnem
1146 3766 1251 3850 prima
1279 3773 1373 3834 nocte

227 3872 268 3938 ad
287 3875 392 3937 castra
408 3870 552 3936 hostium
569 3867 675 3933 mittit
692 3868 732 3931 ad
750 3870 871 3934 flumen
888 3869 1082 3957 Bagradam
1106 3872 1223 3956 quibus
1241 3874 1371 3961 pr<a>e
1387 3900 1413 3941 rc

226 4135 320 4191 siam
342 4135 456 4189 rosas
473 4147 483 4189 ε
502 4132 532 4187 in
555 4135 565 4203 l
586 4138 603 4187 a
622 4132 691 4187 iuba
708 4132 888 4202 srvat
913 4134 1012 4191 reae
1038 4135 1106 4190 rusa
1123 4135 1214 4191 a¹u1
1232 4103 1282 4194 ide
1299 4136 1330 4190 r

314 4223 393 4291 824
413 4238 446 4277 ac
464 4221 519 4292 (lac
537 4221 580 4292 F)
600 4220 768 4277 D'L'V&
789 4224 814 4277 Τ
823 4224 834 4293 ΙΙ
857 4228 872 4276 7
892 4225 985 4278 eastra
1002 4226 1023 4293 β
1052 4224 1150 4279 eastris
1169 4224 1216 4280 D'
1231 4228 1241 4295 ΙΙ
1265 4231 1296 4279 11
1315 4226 1371 4281 loci

226 4298 256 4351 et
272 4296 360 4351 Jaris
378 4308 389 4350 z
407 4296 438 4349 et
454 4292 581 4363 10111113
600 4308 634 4347 ex
653 4293 674 4362 β
702 4295 731 4347 et
750 4291 796 4348 D'
813 4294 818 4365 1
835 4309 867 4348 eo
886 4293 978 4351 D'L'
1006 4294 1049 4350 Ea
1071 4294 1104 4351 T'

314 4383 361 4452 38,
377 4388 391 4437 1
410 4380 510 4457 pingis
527 4379 561 4435 T'
576 4382 587 4451 ΙΙ
599 4387 616 4463 {3
634 4397 721 4451 ragno
735 4382 757 4450 β
775 4398 862 4453 regno
881 4386 910 4438 et
924 4382 971 4438 D'
986 4384 1025 4453 115
1040 4382 1264 4465 appropinquare
1278 4385 1324 4442 D'
1335 4384 1370 4442 T'

227 4454 309 4525 adpr-
325 4452 364 4509 L'
377 4456 388 4523 11
402 4459 417 4508 't
437 4453 630 4509 adulescentia
643 4452 673 4505 D
692 4450 883 4507 adolescentia
901 4454 968 4524 (oia
981 4454 1012 4509 F
1027 4455 1081 4509 -111
1095 4454 1133 4525 V)
1147 4455 1203 4526 Εβ
1217 4458 1226 4527 ΙΙ
1240 4463 1256 4511 8
1276 4457 1371 4526 animi,

229 4523 380 4596 superioris
397 4542 414 4581 r
431 4539 441 4581 a
460 4522 611 4595 superioria
630 4522 718 4578 animi
736 4522 814 4594 (anni
832 4524 883 4595 ΙΙ)
