3292 5150
294 392 336 457 16
858 396 879 450 Ι.

293 576 373 638 quas
397 555 430 619 in
453 560 550 641 portu
572 555 769 622 Brundisino
794 556 1058 643 deprehenderat,
1081 559 1267 624 adornabat.
1305 559 1352 625 ibi
1375 563 1441 625 tur-

291 683 344 726 res
367 684 440 726 oum
463 663 563 728 ternis
586 660 740 726 tabulatis
768 662 912 748 erigebat
938 685 1055 748 easque
1078 663 1190 730 multis
1213 667 1384 731 tormentis
1408 671 1441 732 et

292 769 380 833 omni
404 789 520 854 genere
544 769 683 834 telorum
707 768 883 853 completas
905 769 947 834 ad
968 793 1066 855 opera
1085 769 1230 837 Caesaris
1248 773 1440 859 appellebat,

291 879 328 937 ut
359 878 445 939 rates
477 878 699 960 perrumperet
731 877 828 960 atque
861 897 958 959 opera
980 877 1185 944 disturbaret.
1242 881 1289 945 sic
1321 880 1438 946 cotidie
1466 908 1479 950 5

291 981 455 1067 utrimque
478 982 604 1047 eminus
627 981 745 1066 fundis,
769 982 898 1066 sagittis
916 982 1113 1068 reliquisque
1132 984 1206 1050 telis
1224 988 1438 1073 pugnabatur.

258 1105 274 1152 2
294 1093 390 1173 atque
413 1089 493 1154 haec
512 1086 628 1154 Caesar
651 1089 698 1153 ita
721 1089 981 1175 administrabat,
1003 1094 1041 1154 ut
1059 1092 1259 1158 conditiones
1281 1094 1371 1178 pacis
1394 1094 1439 1159 di·

291 1195 466 1261 mittendas
493 1218 559 1260 non
588 1195 801 1281 existimaret,
834 1217 872 1261 ao
898 1199 966 1261 tam
994 1198 1055 1262 etsi
1083 1218 1277 1284 magnopere
1305 1201 1438 1266 admira·

291 1303 387 1367 batur
409 1302 568 1388 Magium,
601 1325 696 1388 quem
724 1304 765 1367 ad
790 1302 982 1388 Pompeium
1010 1327 1084 1369 oum
1111 1306 1271 1372 mandatis
1299 1307 1439 1394 miserat,

293 1410 333 1473 ad
357 1431 390 1474 se
412 1432 478 1474 non
500 1409 637 1495 remitti,
661 1413 757 1494 atque
780 1431 818 1474 ea
840 1431 891 1474 res
915 1431 1009 1494 saepe
1032 1414 1191 1497 temptata
1213 1413 1275 1478 etsi
1297 1415 1438 1499 impetus
1454 1445 1480 1484 ro

293 1516 362 1581 eius
390 1517 586 1602 consiliaque
616 1517 777 1601 tardabat,
802 1519 912 1582 tamen
941 1518 1090 1583 omnibus
1118 1520 1214 1584 rebus
1241 1521 1276 1585 in
1304 1543 1342 1586 eo
1369 1544 1438 1606 per-

258 1623 507 1688 3seuerandum
538 1624 683 1708 putabat.
732 1623 842 1709 itaque
875 1623 1045 1689 Caninium
1074 1626 1226 1691 Rebilum
1255 1626 1439 1716 legat(um),

292 1729 485 1795 familiarem
519 1729 763 1815 [necessarium]
797 1729 946 1797 Scriboni
978 1731 1126 1818 Libonis,
1158 1733 1261 1798 mittit
1292 1734 1333 1798 ad
1364 1756 1438 1798 eum

293 1836 444 1923 conloqui
477 1859 587 1924 causa,
623 1838 768 1922 mandat,
804 1843 842 1903 ut
872 1838 1029 1903 Libonem
1061 1839 1100 1903 de
1131 1838 1330 1905 concilianda
1360 1863 1438 1926 pace

292 1943 456 2030 hortetur,
492 1945 526 2009 in
558 1945 686 2029 primis,
722 1949 759 2009 ut
790 1945 860 2031 ipse
892 1967 966 2010 cum
996 1944 1152 2031 Pompeio
1183 1947 1479 2033 conloqueretur,1a

257 2051 452 2137 apostulat3
484 2073 678 2138 magnopere
713 2073 781 2118 sese
809 2053 968 2117 confidere
996 2053 1209 2140 demonstrat,
1240 2053 1269 2119 si
1296 2055 1365 2119 eius
1392 2055 1439 2120 rei

293 2158 337 2222 sit
359 2162 503 2242 potestas
526 2159 620 2244 facta,
642 2159 711 2224 fore
734 2163 771 2222 ut
794 2159 905 2243 aequis
928 2158 1168 2225 conditionibus
1190 2161 1231 2227 ab
1255 2163 1353 2226 armis
1376 2162 1440 2226 dis-

293 2265 439 2352 cedatur;
463 2267 553 2332 cuius
572 2266 619 2330 rei
637 2287 788 2351 magnam
806 2268 932 2348 partem
950 2265 1056 2329 laudis
1075 2270 1171 2351 atque
1190 2269 1440 2335 existimationis

293 2373 333 2436 ad
362 2372 519 2438 Libonem
550 2376 791 2456 peruenturam,
825 2371 853 2434 si
883 2370 940 2435 illo
972 2375 1102 2437 auctore
1134 2377 1230 2458 atque
1258 2381 1372 2462 agente
1399 2377 1439 2442 ab

258 2480 391 2543 tarmis
419 2480 463 2543 sit
490 2479 674 2542 discessum.
719 2476 801 2541 Libo
829 2499 849 2541 a
876 2477 1047 2562 conloquio
1071 2477 1186 2544 Canini
1213 2481 1377 2568 digressus
1400 2483 1481 2551 adso

292 2585 483 2669 Pompeium
506 2584 729 2669 proficiscitur.
766 2583 863 2667 paulo
886 2589 963 2670 post
984 2587 1161 2673 renuntiat,
1184 2591 1270 2674 quod
1293 2591 1441 2658 consules

260 2708 275 2755 6
295 2691 415 2775 absint,
439 2692 508 2755 sine
530 2689 596 2754 illis
619 2712 684 2755 non
706 2712 801 2774 posse
826 2692 880 2776 agi
903 2692 941 2755 de
965 2694 1206 2777 compositione.
1243 2697 1290 2761 ita
1313 2700 1441 2783 saepius

294 2820 362 2861 rem
393 2798 515 2862 frustra
546 2801 736 2882 temptatam
768 2796 884 2863 Caesar
915 2798 1087 2884 aliquando
1121 2801 1345 2868 dimittendam
1378 2805 1441 2871 sibi

293 2904 415 2970 iudicat
438 2909 470 2970 et
494 2904 640 2971 debello
664 2906 832 2992 agendum.

260 3030 274 3078 1
386 3012 444 3078 27.
480 3011 585 3097 Prope
614 3013 747 3078 dimidia
773 3017 865 3099 parte
894 3014 1001 3099 operis
1024 3037 1044 3080 a
1067 3012 1200 3081 Caesare
1223 3016 1349 3102 effecta,
1377 3017 1441 3081 die—

294 3121 418 3205 busque
441 3120 476 3185 in
498 3144 536 3187 ea
558 3144 592 3186 re
616 3122 816 3207 consumptis
839 3141 928 3209 v1111,
951 3145 1050 3188 naues
1073 3146 1093 3188 a
1115 3124 1300 3190 oonsulibus
1322 3123 1440 3209 Dyrra·

294 3227 367 3291 ahio
387 3228 547 3312 remissae,
567 3251 647 3312 quae
663 3231 804 3314 priorem
818 3235 944 3315 partem
959 3232 1118 3298 exercitus
1132 3256 1170 3299 eo
1185 3234 1442 3319 deportauerant,

259 3352 275 3399 2
293 3332 503 3398 Brundisium
521 3337 735 3402 reuertuntur.
759 3337 933 3422 Pompeius
952 3341 1021 3406 siue
1040 3342 1190 3426 operibus
1210 3340 1354 3406 Caesaris
1372 3363 1442 3424 per-

294 3444 402 3505 motus
426 3441 494 3506 siue
518 3442 629 3526 etiam,
653 3444 738 3527 quod
762 3443 801 3506 ab
825 3444 919 3509 initio
938 3444 1034 3511 Italia
1052 3448 1203 3513 excedere
1222 3447 1442 3530 constituerat,
1469 3471 1482 3512 a

259 3566 275 3612 a
295 3547 435 3612 aduentu
462 3548 595 3614 nauium
617 3548 850 3633 profectionem
872 3572 985 3634 parare
1008 3552 1137 3639 incipit,
1164 3558 1197 3619 et
1224 3577 1287 3639 quo
1314 3552 1442 3619 facilius

295 3654 451 3738 impetum
484 3654 628 3725 Caesaris
665 3648 819 3740 tardaret,
855 3678 896 3719 ne
929 3657 989 3720 sub
1026 3658 1098 3740 ipsa
1128 3661 1328 3743 profectione
1359 3658 1441 3724 mili·

294 3764 344 3825 tes
372 3762 527 3845 oppidum
556 3763 790 3847 inrumperent,
821 3764 933 3844 portas
957 3761 1110 3846 obstruit,
1142 3765 1232 3829 uicos
1255 3768 1442 3852 plateasque

294 3866 477 3931 inaedificat
499 3889 536 3932 ac
558 3868 662 3933 fossas
681 3872 882 3931 transuersas
900 3868 963 3931 uiis
981 3867 1148 3952 praeducit
1166 3874 1263 3953 atque
1282 3874 1328 3937 ibi
1348 3875 1443 3938 sudes

258 3975 485 4060 rstipitesque
517 3979 706 4059 praeacutos
738 3973 858 4060 defigit.
915 3973 995 4039 haec
1020 3974 1148 4040 leuibus
1176 3976 1318 4041 cratibus
1344 3983 1442 4073 terra-
1456 4006 1483 4045 ro

296 4175 311 4223 2
332 4168 525 4239 dephenderat
543 4166 660 4222 EU'T'
682 4167 838 4238 depndcrat
853 4168 862 4221 1
881 4167 1061 4241 deplenderet
1074 4169 1104 4223 D
1117 4172 1158 4240 114
1176 4170 1302 4239 cdpletas
1321 4169 1395 4224 EU'
1406 4168 1441 4223 T'

293 4240 401 4310 opletas
422 4241 432 4294 l
450 4240 603 4321 completos
622 4240 704 4309 11117
725 4242 782 4307 atq.
803 4240 832 4307 β,
852 4256 895 4293 oro
913 4238 955 4294 D'
972 4241 977 4311 Ι
993 4240 1168 4296 conditiones
1187 4239 1228 4295 D'
1239 4239 1319 4296 U‘T‘
1339 4239 1443 4297 adicio·

295 4328 344 4366 nes
364 4315 426 4383 1119
445 4329 571 4381 magrum
589 4312 611 4380 β
633 4326 768 4381 magnum
779 4310 819 4365 D'
836 4313 846 4381 ΙΙ
865 4317 897 4364 13
916 4311 1105 4365 necessarium
1123 4314 1212 4367 deleat
1229 4315 1238 4383 11
1258 4319 1292 4366 14
1310 4311 1443 4381 conloqui

301 4382 336 4437 U'
361 4382 434 4451 -quii
452 4384 520 4452 ΒΤ,
545 4382 638 4437 Vcorr·
666 4381 799 4451 colloquii
818 4382 899 4436 ElV
915 4384 925 4453 ΙΙ
947 4388 978 4436 17
999 4383 1209 4438 conditionibus
1228 4383 1347 4438 D'FT'
1378 4401 1443 4439 oon-

297 4452 354 4507 dic-
374 4454 440 4523 lUss
453 4459 487 4507 22
506 4453 567 4507 sine
585 4455 606 4524 β
634 4468 685 4507 nec
705 4452 764 4507 sine
783 4451 825 4507 D'

386 4523 433 4594 27,
448 4530 464 4577 9
484 4526 529 4597 ao]
546 4527 582 4579 'ac
601 4524 640 4594 D,
659 4540 702 4579 om
720 4524 751 4578 Ε
