3292 5150
290 384 334 448 48
851 381 872 436 1·

255 562 270 610 3
292 547 327 610 in
354 568 389 610 re
415 546 560 611 omnium
584 566 715 610 suorum
737 544 825 609 uitae
848 543 1080 609 consulendum
1102 544 1256 630 putarint.
1302 546 1348 610 sic
1371 568 1436 612 om·

290 653 381 718 nium
404 653 553 718 ordinum
575 653 694 737 parteis
717 652 752 716 in
773 651 993 716 misericordia
1015 652 1208 738 constitisse,
1230 653 1318 737 ipsos
1341 654 1437 718 duces
1452 680 1479 719 ro

292 782 310 824 a
339 783 417 844 pace
448 759 669 845 abhorruisse,
705 781 760 824 eos
790 781 895 844 neque
925 759 1076 844 conloqui
1105 781 1210 844 neque
1240 760 1437 825 indutiarum

290 867 361 931 iura
391 889 534 933 seruasse
564 871 597 931 et
626 866 773 932 homines
804 866 972 950 imperitos
1001 870 1035 930 et
1063 889 1122 951 per
1150 866 1356 952 conloquium
1387 867 1437 933 de-

254 978 400 1059 4ceptos
431 973 651 1039 crudelissime
682 973 889 1038 interfecisse.
942 973 1095 1038 accidisse
1124 974 1225 1059 igitur
1253 973 1320 1059 his,
1351 973 1438 1060 quod

289 1080 478 1164 plerumque
502 1079 687 1145 hominibus
710 1079 811 1144 nimia
833 1079 1010 1164 pertinacia
1032 1083 1128 1163 atque
1151 1080 1341 1165 adrogantia
1358 1081 1437 1147 acci-

290 1187 364 1252 dere
387 1186 502 1272 soleat,
532 1186 581 1250 uti
604 1208 642 1250 eo
665 1190 831 1251 recurrant
858 1190 892 1250 et
913 1185 947 1249 id
969 1184 1176 1270 cupidissime
1198 1189 1324 1271 petant,
1351 1188 1438 1271 quod
1452 1212 1478 1253 ra

255 1308 270 1356 5
289 1294 386 1378 paulo
409 1298 483 1359 ante
507 1293 766 1377 contempserint.
802 1314 906 1377 neque
928 1314 1014 1358 nunc
1037 1313 1071 1356 se
1089 1291 1219 1356 illorum
1237 1292 1437 1359 humanitate

289 1422 392 1484 neque
420 1401 529 1485 aliqua
556 1399 711 1484 temporis
739 1400 958 1485 oportunitate
985 1397 1164 1483 postulare,
1196 1399 1313 1484 quibus
1340 1401 1437 1465 rebus

291 1529 367 1592 opes
391 1510 569 1592 augeantur
592 1528 684 1592 suae,
708 1507 763 1572 sed
786 1528 842 1571 eos
865 1505 1038 1591 exercitus,
1061 1528 1141 1590 quos
1164 1510 1278 1572 contra
1300 1529 1334 1572 se
1356 1507 1436 1571 mul-

255 1628 271 1676 o
290 1617 342 1678 tos
365 1613 429 1678 iam
453 1636 553 1679 annos
577 1613 729 1699 aluerint,
752 1613 836 1678 uelle
859 1613 988 1678 dimitti
1025 1613 1238 1697 nequeenim
1260 1635 1317 1679 sex
1338 1614 1437 1699 legio·

291 1743 347 1786 nes
371 1721 434 1785 alia
457 1720 495 1785 de
519 1742 615 1786 causa
632 1721 747 1785 missas
771 1720 805 1784 in
823 1718 1014 1804 Hispaniam
1038 1719 1273 1805 septimamque
1296 1721 1342 1784 ibi
1365 1743 1437 1786 con·
1450 1746 1478 1785 so

291 1828 457 1912 scriptam,
480 1850 584 1912 neque
607 1829 658 1892 tot
680 1830 851 1912 tantasque
874 1826 1002 1892 classeis
1025 1830 1154 1910 paratas
1177 1849 1281 1912 neque
1302 1828 1437 1892 submis-

257 1950 345 1999 ssos
378 1934 474 1999 duces
506 1934 553 1998 rei
585 1935 736 1999 militaris
767 1934 899 2019 peritos.
944 1933 1028 1998 nihil
1059 1932 1176 1998 horum
1208 1933 1249 1997 ad
1279 1934 1438 2018 pacandas

291 2038 479 2126 Hispanias,
501 2041 585 2106 nihil
607 2042 648 2106 ad
670 2063 765 2107 usum
788 2041 974 2126 prouinciae
997 2041 1181 2125 prouisum,
1204 2063 1285 2126 quae
1307 2045 1439 2127 propter

255 2163 272 2211 8
292 2148 537 2213 diuturnitatem
560 2149 648 2234 pacis
671 2150 797 2214 nullum
820 2149 978 2214 auxilium
1001 2147 1198 2213 desiderarit.
1231 2149 1339 2213 omnia
1360 2148 1439 2213 hacc

290 2255 355 2320 iam
386 2256 512 2340 pridem
543 2260 656 2321 contra
687 2278 721 2322 se
752 2256 875 2340 parari5
912 2255 946 2319 in
979 2277 1014 2318 se
1045 2254 1123 2319 noui
1151 2255 1277 2339 generis
1303 2255 1479 2339 imperiosa

291 2363 459 2447 constitui,
482 2367 519 2428 ut
541 2363 626 2428 idem
649 2361 689 2426 ad
711 2365 822 2446 portas
846 2360 979 2425 urbanis
1001 2360 1263 2446 pr<a>esidea<t>
1286 2362 1383 2426 rebus
1405 2366 1438 2427 et

256 2469 371 2534 aduas
393 2469 655 2535 bellicosissimas
678 2468 861 2553 prouincias
886 2468 1002 2532 absens
1024 2471 1075 2532 tot
1097 2489 1198 2532 annos
1221 2468 1380 2554 obtineat;
1403 2469 1438 2533 in

291 2599 325 2641 se
348 2578 419 2641 iura
440 2577 667 2661 magistratum
691 2574 896 2660 commutari,
913 2598 954 2640 ne
977 2598 1017 2640 ex
1040 2579 1193 2660 praetura
1209 2580 1243 2641 et
1260 2578 1438 2662 consulatu,

291 2687 328 2747 ut
360 2704 498 2767 semper,
531 2686 578 2749 set
609 2705 667 2767 per
697 2704 816 2767 paucos
848 2682 978 2767 probati
1010 2686 1043 2747 et
1074 2682 1168 2747 electi
1195 2682 1228 2748 in
1254 2685 1438 2769 prouincias

291 2789 477 2875 mittantur,
510 2790 544 2854 in
567 2812 600 2855 se
624 2790 739 2854 aetatis
763 2790 1002 2855 excusationem
1024 2789 1108 2854 nihil
1130 2789 1251 2876 ualere,
1278 2792 1364 2876 quod
1387 2814 1437 2858 su·
1451 2818 1478 2857 ao

290 2897 471 2981 perioribus
500 2896 595 2961 hellis
623 2896 752 2981 probati
782 2896 823 2961 ad
852 2896 1044 2982 optinendos
1067 2897 1226 2962 exercitus
1250 2902 1438 2983 cuocentur3

241 3018 275 3067 10
293 3005 327 3069 in
351 3027 385 3070 se
408 3027 472 3070 uno
495 3026 561 3069 non
584 3004 720 3089 seruari,
751 3004 838 3090 quod
861 3004 904 3070 sit
926 3004 1076 3070 omnibus
1100 3004 1210 3069 datum
1233 3027 1359 3090 semper
1380 3004 1438 3069 im·

290 3112 506 3196 peratoribus,
533 3115 570 3177 ut
597 3111 693 3176 rebus
720 3110 859 3176 feliciter
885 3112 987 3197 gestia
1011 3115 1068 3176 aut
1090 3132 1163 3175 cum
1185 3111 1307 3178 honore
1330 3111 1438 3196 aliquo

291 3221 348 3281 aut
380 3221 464 3282 certe
497 3218 565 3283 sine
597 3217 775 3304 ignominia
807 3218 940 3284 domum
969 3222 1174 3284 reuertantur
1200 3218 1438 3303 exercitumque

240 3338 272 3387 11
292 3323 466 3389 dimittant.
513 3346 594 3410 quae
617 3327 725 3389 tamen
753 3325 863 3391 omnia
885 3330 918 3390 et
941 3347 975 3391 se
998 3326 1112 3391 tulisse
1133 3326 1293 3411 patienter
1315 3331 1347 3391 ct
1369 3346 1438 3390 esse
1451 3350 1478 3392 aa

292 3429 448 3515 laturum3
480 3452 583 3516 neque
610 3431 752 3495 nuncid
775 3452 883 3517 agere,
912 3436 950 3496 ut
972 3432 1013 3496 ab
1036 3432 1102 3497 illis
1125 3433 1298 3499 abductum
1321 3431 1437 3497 exerci-

291 3541 361 3602 tum
380 3540 488 3603 teneat
510 3539 588 3623 ipse,
612 3538 698 3623 quod
720 3542 829 3603 tamen
851 3538 914 3603 sibi
938 3538 1069 3603 difficile
1090 3562 1156 3604 non
1178 3541 1235 3625 ait,
1258 3540 1314 3605 sed
1331 3562 1371 3604 ne
1388 3538 1439 3603 illi

240 3659 272 3707 la
292 3642 445 3728 habeant,
468 3665 532 3727 quo
556 3647 668 3709 contra
690 3666 723 3710 se
741 3645 790 3709 uti
808 3644 943 3729 possint.
975 3646 1118 3732 proinde,
1140 3651 1178 3712 ut
1200 3651 1286 3712 esset
1308 3646 1439 3731 dictum,

293 3947 327 3997 10
345 3943 439 4013 partes
459 3942 501 3998 rr
530 3943 579 3998 -us
599 3946 643 4014 pp
658 3951 689 3999 11
709 3942 856 3998 munuae
874 3945 905 3999 1>
931 3943 1051 4000 aarum
1068 3921 1155 4016 (tum
1177 3945 1216 4016 n)
1234 3946 1290 4016 aa
1309 3948 1318 4018 p
1337 3952 1371 4001 ιι
1389 3946 1439 4000 uo-

292 4050 390 4104 minih.
403 4048 445 4104 D'
465 4052 550 4120 -m'rd
567 4051 571 4121 Ι
587 4028 766 4120 adroganti-
785 4051 866 4120 Ltus
883 4051 953 4107 DL'
973 4052 1137 4124 arrogantia
1154 4051 1225 4107 ET'
1240 4054 1250 4122 l
1265 4057 1297 4107 15
1317 4052 1438 4121 eoloatll

294 4121 346 4177 -let
365 4120 407 4176 D'
421 4124 431 4192 l
446 4127 478 4176 16
497 4120 686 4193 humanitate]
707 4121 868 4177 humilitate
887 4123 961 4178 Aldo
974 4126 984 4194 ΙΙ
998 4129 1031 4179 19
1051 4141 1100 4179 sex
1119 4124 1160 4179 D'
1167 4124 1228 4179 FT
1250 4124 1307 4179 Ἦ.
1322 4123 1349 4177 L
1359 4123 1433 4195 UVt

294 4200 327 4248 21
348 4193 450 4247 classes
470 4193 510 4247 Dl
522 4191 560 4247 V‘
587 4192 624 4245 -is
643 4194 664 4261 β
687 4195 696 4262 ΙΙ
719 4199 752 4246 22
772 4193 909 4249 militares
933 4194 968 4250 U'
986 4197 990 4266 Ι
1006 4195 1106 4250 horum
1125 4196 1158 4251 Il
1187 4212 1307 4265 quorum
1325 4194 1410 4249 D'T'
1429 4199 1433 4266 Ι

294 4270 328 4318 26
348 4264 462 4318 urbanis
480 4263 642 4334 praesideat
660 4264 734 4318 Aldu
749 4280 758 4320 a
774 4265 889 4320 urbanis
907 4265 1003 4336 psidie
1016 4264 1051 4321 L'
1062 4267 1089 4320 V
1103 4266 1220 4321 urbanis
1238 4265 1335 4336 psidie
1351 4266 1378 4319 Τ
1392 4284 1439 4319 ur-

293 4370 370 4423 bana
387 4350 613 4451 atre-ouius
627 4369 669 4426 rr
684 4374 694 4440 ιι
707 4377 741 4425 ar
761 4372 863 4426 absens
878 4373 899 4442 p
918 4373 985 4427 abso
1000 4371 1042 4427 rr
1058 4374 1063 4443 ι
1079 4389 1167 4428 annos
1187 4371 1269 4427 ΠΗ
1289 4371 1370 4425 annu
1386 4371 1441 4443 ru

295 4445 329 4493 28
348 4444 566 4509 magistratuum
585 4441 626 4498 Π
633 4444 660 4498 L
670 4442 697 4498 U
702 4441 736 4498 T'
756 4446 799 4496 —tu
819 4443 850 4497 F
860 4446 870 4513 ΙΙ
884 4449 917 4497 29
937 4446 970 4497 nt
987 4446 1008 4513 β
1036 4443 1059 4496 dt
1079 4444 1119 4498 Π
1138 4445 1142 4515 Ι
1158 4443 1208 4498 sed
1226 4443 1300 4498 Aldo
1314 4458 1323 4498 a
1339 4442 1378 4497 sit
1396 4442 1438 4496 Π

296 4510 331 4569 L'
351 4509 384 4564 fit
405 4509 439 4565 T'
454 4514 463 4583 ΙΙ
476 4518 511 4566 30
529 4514 605 4582 quod
623 4515 681 4586 βΕ
698 4514 736 4585 qd
754 4514 784 4567 D
803 4514 871 4585 quin
889 4515 976 4569 Jaria
988 4517 998 4586 ΙΙ
1012 4521 1044 4568 31
1065 4515 1114 4589 ad]
1133 4515 1170 4569 ab
1193 4515 1229 4571 U'
