3292 5150
762 391 784 445 Ι,
1301 390 1343 453 27

199 556 307 623 locum
330 556 454 641 iniqum
477 555 728 640 progrediuntur
750 558 783 618 et
806 555 866 619 sub
889 559 1046 639 montem,
1068 554 1102 618 in
1121 576 1185 639 quo
1204 557 1274 619 erat
1291 576 1345 639 op-

167 681 183 729 3
202 665 314 749 pidum
337 664 479 748 positum
502 661 621 746 Ilerda,
643 661 826 727 succedunt.
865 661 941 726 hinc
963 683 998 725 se
1020 661 1161 746 recipere
1185 682 1257 727 cum
1280 661 1345 727 uel-

164 770 282 855 llent,
312 792 423 835 rursus
447 768 496 834 illi
519 791 558 834 ex
580 769 651 834 loco
675 769 840 853 superiore
863 773 992 834 nostros
1014 752 1211 853 premebant.
1256 791 1345 853 prae-
1360 795 1387 834 ro

201 880 317 961 ruptus
343 876 433 941 locus
461 879 542 959 erat,
569 879 704 960 utraque
735 878 888 961 exparte
912 875 1066 960 directus,
1093 897 1130 941 ac
1157 878 1284 940 tanturn
1312 876 1346 939 in

200 982 405 1047 latitudinem
433 982 577 1067 patebat,
604 986 642 1047 ut
668 986 734 1048 tres
762 983 938 1048 instructae
967 982 1115 1047 cohortes
1143 1003 1216 1047 eum
1238 982 1346 1048 locum

203 1089 380 1174 explerent,
416 1092 453 1154 ut
484 1110 587 1174 neque
620 1090 763 1155 subsidia
799 1090 839 1155 ab
872 1088 1027 1154 lateribus
1059 1089 1208 1154 submitti
1243 1110 1347 1173 neque

167 1197 326 1281 sequites
358 1194 580 1261 laborantibus
612 1197 686 1261 usui
718 1219 786 1262 csse
818 1201 960 1281 possent.
1015 1197 1055 1260 ab
1088 1195 1206 1281 oppido
1238 1198 1347 1260 autem

201 1302 334 1369 decliuis
347 1303 437 1368 locus
451 1303 542 1369 tenui
560 1303 691 1389 fastigio
705 1303 860 1390 uergebat
878 1303 912 1368 in
929 1303 1166 1388 longitudinem
1184 1298 1346 1390 pass(um)
1361 1329 1386 1370 15

166 1410 328 1476 scirciter
358 1426 452 1476 cccc.
498 1410 559 1475 hac
588 1411 708 1476 nostris
741 1413 810 1475 erat
839 1413 987 1496 receptus
993 1461 1003 1495 ,
1036 1409 1123 1494 quod
1152 1431 1190 1474 co
1220 1408 1347 1474 incitati

201 1517 308 1583 studio
345 1517 558 1582 inconsultius
594 1522 831 1603 processerant,
866 1516 929 1582 hoc
965 1516 1171 1602 pugnabatur
1205 1514 1277 1580 loco
1314 1519 1347 1580 et

200 1627 333 1709 propter
356 1625 521 1712 angustias
546 1625 656 1709 iniquo
681 1628 726 1710 et,
749 1625 837 1710 quod
859 1624 920 1689 sub
943 1623 1024 1708 ipsis
1046 1622 1208 1688 radicibus
1226 1623 1347 1687 montis

201 1731 424 1817 constiterant,
453 1735 491 1796 ut
512 1731 639 1796 nullum
661 1732 783 1797 frustra
805 1731 907 1797 telum
930 1731 964 1796 in
987 1753 1042 1796 eos
1063 1729 1254 1794 mitteretur.
1301 1732 1347 1793 ta-

200 1861 275 1903 men
297 1839 418 1905 uirtute
442 1842 474 1903 ct
496 1838 654 1922 patientia
676 1838 863 1903 nitebantur
885 1842 982 1923 atquc
1007 1837 1116 1902 omnia
1138 1836 1273 1902 uulnera
1295 1859 1346 1901 su·
1360 1867 1387 1906 ro

168 1943 374 2009 retinabant.
420 1944 622 2028 augebantur
645 1943 710 2008 illis
733 1945 857 2030 copiae,
880 1949 976 2030 atquc
999 1967 1039 2009 ex
1062 1943 1177 2009 castris
1200 1942 1348 2008 cohortes

201 2073 259 2135 per
289 2050 443 2135 oppidum
471 2050 582 2116 crebro
607 2051 894 2137 submittebantur,
921 2057 959 2118 ut
980 2052 1099 2137 integri
1123 2051 1256 2116 defessis
1279 2073 1348 2116 suc-

166 2174 182 2223 8
201 2157 358 2223 cederent.
390 2157 452 2223 hoc
475 2157 560 2223 idem
579 2156 695 2224 Caesar
716 2160 820 2224 facere
844 2160 1027 2245 cogebatur,
1049 2163 1087 2225 ut
1111 2159 1291 2224 summissis
1314 2158 1348 2222 in

201 2264 337 2331 eundem
360 2264 468 2330 locum
492 2264 679 2330 cohortibus
703 2266 846 2332 defessos
868 2266 1032 2352 reciperet.

168 2389 181 2436 1
291 2369 349 2438 46.
385 2370 457 2437 Hoc
486 2394 559 2437 cum
587 2376 672 2438 essct
699 2372 795 2438 modo
823 2377 1003 2459 pugnatum
1031 2373 1232 2439 continenter
1258 2372 1348 2438 horis

203 2477 344 2563 quinque
371 2478 539 2563 nostrique
566 2479 698 2564 grauius
727 2503 746 2544 a
773 2480 981 2545 multitudine
1009 2484 1243 2565 premerentur,
1276 2501 1348 2545 oon-

203 2586 340 2669 sumptis
373 2586 523 2652 omnibus
555 2585 628 2652 telis
661 2587 778 2675 gladiis
811 2588 973 2654 destrictis
1005 2588 1162 2673 impetum
1195 2587 1348 2654 aduersus

203 2696 345 2756 montem
373 2693 406 2757 in
435 2692 592 2759 cohorteis
615 2694 739 2760 faciunt
760 2696 937 2781 paucisque
961 2694 1092 2761 deiectis
1114 2695 1256 2780 reliquos
1279 2718 1348 2761 sese

169 2816 184 2865 2
204 2803 390 2864 conuertere
414 2804 541 2887 cogunt.
583 2802 742 2867 submotis
766 2802 826 2867 sub
849 2824 978 2868 murum
1002 2802 1189 2868 cohortibus
1212 2826 1249 2868 ac
1271 2824 1348 2867 non·
1375 2832 1388 2872 a

201 2906 290 2971 nulla
307 2910 398 2991 parte
418 2910 551 2992 propter
569 2911 725 2973 terrorem
748 2908 782 2973 in
807 2909 962 2994 oppidum
986 2908 1149 2994 conpulsis
1171 2910 1277 2975 facilis
1300 2915 1350 2976 est

165 3014 320 3078 3nostris
348 3017 495 3098 receptus
523 3014 626 3079 datus
672 3015 836 3100 equitatus
866 3020 974 3082 autem
1003 3020 1114 3082 noster
1143 3017 1183 3081 ab
1211 3020 1349 3102 utroque

199 3117 314 3203 latere,
337 3119 399 3183 etsi
422 3119 552 3184 deiectis
576 3125 672 3205 atque
696 3122 903 3187 inferioribus
925 3122 1005 3188 locis
1024 3122 1223 3208 constiterat,
1241 3126 1349 3188 tamen

202 3246 330 3291 summa
348 3225 384 3291 ia
402 3225 514 3311 iugum
533 3226 655 3291 uirtute
674 3227 830 3293 conititur
852 3231 949 3314 atque
972 3229 1057 3295 inter
1080 3230 1158 3295 duas
1178 3229 1262 3295 acies
1280 3253 1349 3315 per·

166 3332 350 3417 requirens
374 3331 622 3397 commodiorem
645 3355 683 3397 ac
705 3333 859 3399 tutiorem
881 3336 1002 3400 nostris
1020 3340 1184 3423 receptum
1203 3338 1265 3403 dat.
1302 3338 1349 3403 ita
1363 3369 1389 3408 ro

201 3440 292 3505 uario
325 3438 498 3505 certamino
531 3443 711 3525 pugnatum
744 3443 801 3505 est.
847 3442 951 3507 nostri
974 3442 1008 3506 in
1039 3444 1144 3528 primo
1175 3466 1349 3530 congressu

203 3546 329 3612 circiter
347 3564 419 3610 Lxx
438 3545 633 3633 ceciderunt,
655 3546 690 3612 in
713 3546 764 3613 his
784 3547 820 3625 Q.
835 3547 1007 3635 Fulginius
1031 3571 1070 3613 cx
1093 3550 1198 3634 primo
1220 3550 1349 3616 hastato

202 3651 339 3739 legionis
364 3670 454 3738 xlm,
483 3653 539 3737 qui
563 3658 696 3739 propter
721 3653 873 3720 eximiam
898 3655 1054 3721 uirtutem
1079 3678 1119 3722 ex
1144 3656 1349 3723 inferioribus

204 3758 374 3828 ordinibus
393 3760 427 3825 in
451 3782 524 3825 eum
546 3760 654 3826 locum
676 3766 882 3849 peruenerat,
905 3761 1117 3828 uulnerantur
1137 3763 1275 3848 amplius
1294 3783 1348 3831 uc.

204 3950 347 4019 siniqum
370 3950 405 4007 o‘
430 3956 500 4022 -qua
519 3952 637 4008 ΜΤ
654 3957 658 4024 l
674 3928 769 4009 monis
787 3955 815 4010 a
842 3957 883 4009 -a
903 3954 945 4010 n'
957 3952 1038 4012 n‘r‘
1053 3957 1092 4026 ns
1111 3955 1203 4011 nerea
1221 3956 1255 4012 rr
1285 3958 1350 4013 ner-

204 4021 270 4075 dam
288 4020 364 4078 D'T
378 4022 477 4091 ylerde
495 4024 541 4094 Vll
574 4030 607 4078 10
624 4029 734 4081 nostros
747 4032 864 4095 -47,9
884 4026 1025 4097 superiore
1044 4044 1087 4082 om
1101 4027 1142 4084 Π
1163 4030 1173 4098 l
1205 4034 1238 4083 15
1256 4028 1336 4083 tenui

203 4091 265 4175 leni,
278 4094 403 4218 Ηοὶηιαω
418 4093 615 4219 {longitudine
634 4095 703 4151 LT'
722 4114 770 4152 -ne
788 4097 824 4153 U'
839 4100 895 4169 1121
916 4099 1093 4169 augebantur
1110 4098 1145 4154 L‘
1172 4100 1270 4153 -batur
1290 4030 1348 4170 T‘l

204 4180 339 4316 comitti,
350 4240 366 4289 3
376 4181 527 4291 odditnctis
536 4236 570 4291 Ι]
591 4237 769 4321 distr-,TQF
775 4256 837 4296 corr
849 4242 889 4321 l4
900 4240 1022 4295 cohortis
1032 4239 1066 4295 Il
1076 4242 1102 4295 Τ
1117 4243 1173 4294 -tas
1188 4240 1235 4320 l'l
1248 4245 1268 4321 6·
1284 4256 1349 4294 con.

202 4304 292 4376 pulsis
310 4306 338 4361 L
347 4307 374 4362 U
389 4323 482 4377 comp
492 4307 523 4362 F
527 4307 562 4363 T'
577 4311 617 4380 ll⁸
636 4310 753 4365 derectis
763 4312 790 4365 L
808 4310 934 4401 disractip
949 4313 976 4367 U
991 4311 1020 4365 di
1034 4310 1116 4367 iectis
1125 4310 1156 4364 F
1172 4308 1284 4364 drlect1s
1294 4309 1347 4383 ΤἸ

203 4453 219 4501 9
240 4464 348 4529 amma
365 4447 801 4521 inForcttammcrssumrnr‘rlt
819 4417 929 4508 aummr'i
947 4453 1044 4524 Lllh
1069 4448 1202 4517 ,ΜΤ
1224 4469 1279 4520 que
1297 4452 1348 4527 U'l

201 4518 350 4589 Fulgrnrus
365 4534 374 4575 ε
389 4518 524 4591 fulgimus
543 4522 564 4591 β
578 4524 588 4593 ΙΙ
603 4529 636 4576 14
654 4522 840 4577 uulnerantur
857 4522 892 4579 Il
915 4523 991 4578 -rao
1011 4523 1045 4577 T'
