3292 5150
627 1479 926 1572 aaannarrc

203 1745 276 1842 EX
305 1799 368 1862 quo
396 1782 540 1862 tempore
567 1777 646 1842 belli
674 1776 790 1844 Gallici
816 1777 918 1843 libros
945 1779 979 1843 in
1006 1778 1111 1843 lucam
1139 1780 1304 1845 emisimus
1312 1778 1346 1866 ¹),

202 1883 382 1968 complures
406 1885 531 1948 codices
560 1881 742 1948 Caesariani
764 1883 847 1947 mihi
869 1884 1088 1968 innotuerunt,
1111 1885 1168 1969 qui
1191 1890 1247 1950 aut
1269 1907 1346 1950 non-

203 1991 279 2054 dum
303 2011 322 2052 a
344 2009 395 2052 me
418 1987 555 2070 inspecti
579 1990 670 2051 erant
693 1992 748 2052 aut
770 2010 903 2072 prorsus
925 1988 1078 2053 latebant.
1110 1989 1227 2056 Tribus
1246 1991 1346 2077 igitur

203 2093 373 2158 itineribus
396 2093 430 2156 in
448 2092 660 2177 Britanniam,
683 2091 830 2178 Galliam,
852 2091 981 2158 Italiam
1003 2094 1098 2160 factis
1121 2118 1178 2180 per
1201 2097 1346 2182 singulos

203 2221 329 2264 menses
353 2221 418 2264 non
441 2199 547 2264 solum
569 2199 647 2264 belli
663 2198 778 2266 Gallici
801 2200 926 2266 codices
950 2201 1085 2287 excussi,
1108 2202 1164 2266 sed
1187 2203 1284 2267 etiam
1308 2203 1346 2269 de

202 2305 287 2372 bello
321 2305 410 2371 ciuili
442 2307 688 2372 commentarios
720 2307 760 2371 ad
791 2308 931 2392 optimos
957 2308 1059 2373 libros
1086 2309 1259 2374 retractaui
1291 2313 1348 2375 aut

203 2413 327 2498 primus
351 2435 405 2478 eos
428 2414 476 2479 ita
498 2414 629 2500 contuli,
651 2418 689 2479 ut
711 2414 768 2479 uix
791 2416 830 2479 de
853 2414 920 2480 ulla
937 2414 1074 2482 lectione
1094 2415 1234 2500 supersit
1257 2415 1346 2481 dubi·

203 2520 292 2586 tatio.
339 2517 451 2587 Solum
479 2521 621 2589 codicem
648 2520 897 2589 Maseiaeensem
920 2520 1001 2611 (U),
1029 2545 1125 2609 quem
1151 2524 1346 2609 quominus

203 2631 275 2692 ante
293 2627 353 2693 hos
367 2626 415 2692 XI
429 2648 529 2691 annos
548 2627 748 2693 absoluerem
766 2629 922 2713 temporis
940 2630 1108 2714 angustiae
1126 2630 1348 2718 impedierant,

203 2732 418 2799 intercedente
445 2732 587 2799 Karolo
617 2733 784 2800 Schenkl
806 2734 1051 2801 Vindobonensi
1072 2736 1198 2803 fautore
1222 2740 1345 2824 optimo

199 2838 369 2905 Karolus
391 2838 518 2925 Prinz,
540 2840 670 2905 futurus
685 2840 844 2925 Tyohonii
867 2842 981 2927 editor,
1005 2842 1080 2908 dum
1103 2844 1226 2909 Romae
1249 2845 1346 2932 degit,

203 2946 441 3011 accuratissime
466 2950 498 3011 et
519 2947 744 3013 liberalissime
768 2950 801 3012 in
825 2971 933 3015 meum
956 2970 1051 3013 usum
1075 2950 1221 3015 contulit.

292 3050 441 3117 (lodicem
460 3051 665 3120 Treuerioum
681 3051 747 3140 (V)
765 3077 823 3138 per
836 3054 1086 3119 Wilhelmum
1104 3078 1177 3124 von
1195 3055 1346 3141 Hartel,

204 3178 267 3241 qua
290 3161 339 3221 est
361 3155 563 3237 liberalitate,
587 3159 620 3222 in
643 3157 704 3223 hac
727 3159 798 3242 ipsa
816 3159 896 3223 urbe
915 3160 1060 3223 conferre
1078 3160 1160 3226 mihi
1177 3161 1284 3247 licuit3
1308 3163 1346 3227 de

202 3261 278 3326 libri
300 3262 377 3327 fatis
400 3260 583 3327 Alfredus
608 3261 787 3328 Goeldlin
809 3286 883 3329 von
902 3264 1087 3333 Tiefenau
1111 3267 1345 3347 officiosissime

203 3368 372 3434 certiorem
395 3391 446 3435 me
469 3368 555 3434 fecit.
580 3396 583 3401 ’
1179 3456 1183 3462 .

290 3476 424 3542 Librum
447 3476 681 3543 Louaniensem
701 3476 776 3567 (E),
799 3501 894 3563 quem
918 3480 953 3544 in
974 3479 1085 3566 Belgis
1107 3481 1229 3546 frustra
1252 3504 1346 3567 quac·

202 3584 354 3669 sinerem,
391 3589 464 3649 ante
500 3583 560 3650 hos
592 3582 662 3649 IIII
690 3586 757 3651 fere
789 3608 890 3651 annos
920 3586 1073 3652 Londinii
1103 3589 1189 3653 inter
1220 3588 1345 3656 additos

202 3713 312 3758 museo
331 3691 517 3757 Britannico
542 3692 666 3758 codices
689 3695 852 3777 repertum
872 3692 1098 3778 conlatumue
1120 3694 1253 3760 fratrem
1276 3718 1345 3782 ger·

202 3819 332 3863 manum
347 3796 586 3863 Bellouacensis
601 3796 664 3886 (D)
677 3821 746 3864 esse
761 3800 913 3885 cognoui3
932 3799 1026 3885 unde,
1044 3805 1201 3885 quantum
1219 3803 1345 3867 fructus

203 3904 242 3967 ad
264 3904 480 3991 indagandum
508 3906 592 3970 inter
619 3904 747 3971 ordines
770 3929 793 3971 α
816 3911 849 3971 et
871 3909 895 3989 β
917 3927 1074 3973 conexum
1096 3907 1265 3993 redundet,
1287 3908 1344 3973 uix

202 4015 252 4075 est
274 4013 360 4095 quod
381 4011 533 4077 lectorem
555 4034 711 4078 moneam.

292 4225 317 4293 1)
341 4221 369 4277 0.
388 4222 443 4277 IuIi
462 4222 588 4279 Caesaris
607 4223 677 4279 belli
695 4224 799 4280 Gallici
821 4223 889 4279 libri
907 4224 959 4279 VH
981 4224 1110 4280 Accessit
1126 4223 1158 4278 A.
1177 4221 1253 4277 Hirti
1271 4221 1345 4277 Iibcr

203 4312 319 4365 octauus
344 4310 497 4367 Recensuit
522 4312 555 4368 A.
574 4312 608 4367 H.
632 4312 769 4383 Freiburg
791 4312 810 4367 i.
829 4314 861 4369 B.
885 4314 944 4368 und
967 4313 1116 4383 Tubingen
1140 4317 1209 4367 1882
1232 4312 1345 4367 Alrade-

202 4398 308 4455 mische
330 4399 558 4473 Buehhandlung
579 4419 635 4457 von
658 4401 682 4457 J.
702 4402 730 4458 O.
749 4402 780 4457 B.
800 4402 883 4457 Mohr
905 4400 987 4474 (Paul
1006 4401 1142 4472 Siebeck).
1179 4404 1211 4454 8⁰
1229 4401 1295 4456 VIII
1315 4405 1345 4460 et

204 4490 256 4541 396
273 4504 358 4560 pagg.
